<?xml version="1.0" encoding="UTF-8"?><collection xmlns="http://www.loc.gov/MARC21/slim"><record><leader>00499nam--2200181-i-4500</leader><controlfield tag="001">000014705</controlfield><controlfield tag="002">20161230</controlfield><controlfield tag="005">20161230201031</controlfield><controlfield tag="008">060222s1000------------r-----000-0-eng-d</controlfield><datafield ind1=" " ind2=" " tag="040"><subfield code="a">IFIN-HH</subfield></datafield><datafield ind1=" " ind2=" " tag="080"><subfield code="a">539.172.3:538.9</subfield></datafield><datafield ind1="1" ind2=" " tag="100"><subfield code="a">Danon, J</subfield></datafield><datafield ind1="1" ind2="0" tag="245"><subfield code="a">Lectures on the mossbauer effect</subfield><subfield code="c">J. danon</subfield></datafield><datafield ind1=" " ind2=" " tag="260"><subfield code="a">New York</subfield><subfield code="b">Gordon And Breach Science Publishers</subfield><subfield code="c">1968</subfield></datafield><datafield ind1=" " ind2=" " tag="300"><subfield code="a">VIII+150P</subfield></datafield><datafield ind1=" " ind2=" " tag="490"><subfield code="a">Documents On Modern Physics</subfield></datafield><datafield ind1=" " ind2=" " tag="852"><subfield code="a">30650</subfield><subfield code="c">539.163.2</subfield></datafield><datafield ind1=" " ind2=" " tag="CAT"><subfield code="a">Sys</subfield><subfield code="c">20120523</subfield><subfield code="h">103841</subfield></datafield></record></collection>